@article{nguyenLearningIterativeDispatching2013,
  title = {Learning Iterative Dispatching Rules for Job Shop Scheduling with Genetic Programming},
  author = {Nguyen, Su and Zhang, Mengjie and Johnston, Mark and Tan, Kay Chen},
  year = {2013},
  month = jul,
  journal = {The International Journal of Advanced Manufacturing Technology},
  volume = {67},
  number = {1},
  pages = {85--100},
  issn = {1433-3015},
  doi = {10.1007/s00170-013-4756-9},
  urldate = {2024-05-20},
  langid = {english}
}
