@article{charalambousGREILCrowdsCrowdSimulation2023,
  title = {{{GREIL-Crowds}}: {{Crowd Simulation}} with {{Deep Reinforcement Learning}} and {{Examples}}},
  shorttitle = {{{GREIL-Crowds}}},
  author = {Charalambous, Panayiotis and Pettre, Julien and Vassiliades, Vassilis and Chrysanthou, Yiorgos and Pelechano, Nuria},
  year = {2023},
  month = aug,
  journal = {ACM Transactions on Graphics},
  volume = {42},
  number = {4},
  pages = {1--15},
  issn = {0730-0301, 1557-7368},
  doi = {10.1145/3592459},
  urldate = {2024-05-22},
  langid = {english}
}

@article{degondCongestionMacroscopicModel2010,
  title = {Congestion in a Macroscopic Model of Self-Driven Particles Modeling Gregariousness},
  author = {Degond, Pierre and Navoret, Laurent and Bon, Richard and Sanchez, David},
  year = {2010},
  month = feb,
  journal = {Journal of Statistical Physics},
  volume = {138},
  number = {1-3},
  eprint = {0908.1817},
  primaryclass = {math-ph},
  pages = {85--125},
  issn = {0022-4715, 1572-9613},
  doi = {10.1007/s10955-009-9879-x},
  urldate = {2024-05-22},
  archiveprefix = {arxiv},
  langid = {english}
}

@misc{dosovitskiyCARLAOpenUrban2017,
  title = {{{CARLA}}: {{An Open Urban Driving Simulator}}},
  shorttitle = {{{CARLA}}},
  author = {Dosovitskiy, Alexey and Ros, German and Codevilla, Felipe and Lopez, Antonio and Koltun, Vladlen},
  year = {2017},
  month = nov,
  number = {arXiv:1711.03938},
  eprint = {1711.03938},
  primaryclass = {cs},
  publisher = {arXiv},
  urldate = {2024-05-22},
  archiveprefix = {arxiv},
  langid = {english}
}

@article{fioriniMotionPlanningDynamic1998,
  title = {Motion {{Planning}} in {{Dynamic Environments Using Velocity Obstacles}}},
  author = {Fiorini, Paolo and Shiller, Zvi},
  year = {1998},
  month = jul,
  journal = {The International Journal of Robotics Research},
  volume = {17},
  number = {7},
  pages = {760--772},
  issn = {0278-3649, 1741-3176},
  doi = {10.1177/027836499801700706},
  urldate = {2024-05-22},
  copyright = {http://journals.sagepub.com/page/policies/text-and-data-mining-license},
  langid = {english}
}

@article{jiTextGuidedSynthesisCrowd2024,
  title = {Text-{{Guided Synthesis}} of {{Crowd Animation}}},
  author = {Ji, Xuebo and Pan, Zherong and Gao, Xifeng and Pan, Jia},
  year = {2024},
  langid = {english}
}

@inproceedings{kimInteractiveSimulationDynamic2012,
  title = {Interactive Simulation of Dynamic Crowd Behaviors Using General Adaptation Syndrome Theory},
  booktitle = {Proceedings of the {{ACM SIGGRAPH Symposium}} on {{Interactive 3D Graphics}} and {{Games}}},
  author = {Kim, Sujeong and Guy, Stephen J. and Manocha, Dinesh and Lin, Ming C.},
  year = {2012},
  month = mar,
  pages = {55--62},
  publisher = {ACM},
  address = {Costa Mesa California},
  doi = {10.1145/2159616.2159626},
  urldate = {2024-05-22},
  isbn = {978-1-4503-1194-6},
  langid = {english}
}

@inproceedings{leeCrowdSimulationDeep2018,
  title = {Crowd Simulation by Deep Reinforcement Learning},
  booktitle = {Proceedings of the 11th {{Annual International Conference}} on {{Motion}}, {{Interaction}}, and {{Games}}},
  author = {Lee, Jaedong and Won, Jungdam and Lee, Jehee},
  year = {2018},
  month = nov,
  pages = {1--7},
  publisher = {ACM},
  address = {Limassol Cyprus},
  doi = {10.1145/3274247.3274510},
  urldate = {2024-05-15},
  copyright = {http://www.acm.org/publications/policies/copyright\_policy\#Background},
  isbn = {978-1-4503-6015-9},
  langid = {english}
}

@article{patilDirectingCrowdSimulations2011,
  title = {Directing {{Crowd Simulations Using Navigation Fields}}},
  author = {Patil, Sachin and Van Den Berg, Jur and Curtis, Sean and Lin, Ming C and Manocha, Dinesh},
  year = {2011},
  month = feb,
  journal = {IEEE Transactions on Visualization and Computer Graphics},
  volume = {17},
  number = {2},
  pages = {244--254},
  issn = {1077-2626},
  doi = {10.1109/TVCG.2010.33},
  urldate = {2024-05-22},
  copyright = {https://ieeexplore.ieee.org/Xplorehelp/downloads/license-information/IEEE.html},
  langid = {english}
}

@inproceedings{rempeTracePaceControllable2023,
  title = {Trace and {{Pace}}: {{Controllable Pedestrian Animation}} via {{Guided Trajectory Diffusion}}},
  shorttitle = {Trace and {{Pace}}},
  booktitle = {2023 {{IEEE}}/{{CVF Conference}} on {{Computer Vision}} and {{Pattern Recognition}} ({{CVPR}})},
  author = {Rempe, Davis and Luo, Zhengyi and Peng, Xue Bin and Yuan, Ye and Kitani, Kris and Kreis, Karsten and Fidler, Sanja and Litany, Or},
  year = {2023},
  month = jun,
  pages = {13756--13766},
  publisher = {IEEE},
  address = {Vancouver, BC, Canada},
  doi = {10.1109/CVPR52729.2023.01322},
  urldate = {2024-05-22},
  copyright = {https://doi.org/10.15223/policy-029},
  isbn = {9798350301298},
  langid = {english}
}

@inproceedings{tanakaGuidanceFieldVector2016,
  title = {Guidance Field: Vector Field for Implicit Guidance in Virtual Environments},
  shorttitle = {Guidance Field},
  booktitle = {{{ACM SIGGRAPH}} 2016 {{Emerging Technologies}}},
  author = {Tanaka, Ryohei and Narumi, Takuji and Tanikawa, Tomohiro and Hirose, Michitaka},
  year = {2016},
  month = jul,
  pages = {1--2},
  publisher = {ACM},
  address = {Anaheim California},
  doi = {10.1145/2929464.2929468},
  urldate = {2024-05-22},
  isbn = {978-1-4503-4372-5},
  langid = {english}
}

@inproceedings{vandenbergReciprocalVelocityObstacles2008,
  title = {Reciprocal {{Velocity Obstacles}} for Real-Time Multi-Agent Navigation},
  booktitle = {2008 {{IEEE International Conference}} on {{Robotics}} and {{Automation}}},
  author = {Van Den Berg, Jur and {Ming Lin} and Manocha, Dinesh},
  year = {2008},
  month = may,
  pages = {1928--1935},
  publisher = {IEEE},
  address = {Pasadena, CA, USA},
  doi = {10.1109/ROBOT.2008.4543489},
  urldate = {2024-05-22},
  isbn = {978-1-4244-1646-2},
  langid = {english}
}

@article{weissFastPositionbasedMultiAgent2023,
  title = {Fast {{Position-based Multi-Agent Group Dynamics}}},
  author = {Weiss, Tomer},
  year = {2023},
  month = may,
  journal = {Proceedings of the ACM on Computer Graphics and Interactive Techniques},
  volume = {6},
  number = {1},
  pages = {1--15},
  issn = {2577-6193},
  doi = {10.1145/3585507},
  urldate = {2024-05-15},
  langid = {english}
}

@article{yeDifferentiableLearningScalable2023,
  title = {Differentiable {{Learning}} of {{Scalable Multi-Agent Navigation Policies}}},
  author = {Ye, Xiaohan and Pan, Zherong and Gao, Xifeng and Wu, Kui and Ren, Bo},
  year = {2023},
  month = apr,
  journal = {IEEE Robotics and Automation Letters},
  volume = {8},
  number = {4},
  pages = {2229--2236},
  issn = {2377-3766, 2377-3774},
  doi = {10.1109/LRA.2023.3248440},
  urldate = {2024-05-22},
  copyright = {https://ieeexplore.ieee.org/Xplorehelp/downloads/license-information/IEEE.html},
  langid = {english}
}
