@misc{naveedComprehensiveOverviewLarge2024,
  title = {A {{Comprehensive Overview}} of {{Large Language Models}}},
  author = {Naveed, Humza and Khan, Asad Ullah and Qiu, Shi and Saqib, Muhammad and Anwar, Saeed and Usman, Muhammad and Akhtar, Naveed and Barnes, Nick and Mian, Ajmal},
  year = {2024},
  month = apr,
  number = {arXiv:2307.06435},
  eprint = {2307.06435},
  primaryclass = {cs},
  publisher = {arXiv},
  urldate = {2024-05-22},
  archiveprefix = {arxiv},
  langid = {english}
}
