@misc{alievNeuralPointBasedGraphics2020,
  title = {Neural {{Point-Based Graphics}}},
  author = {Aliev, Kara-Ali and Sevastopolsky, Artem and Kolos, Maria and Ulyanov, Dmitry and Lempitsky, Victor},
  year = {2020},
  month = apr,
  number = {arXiv:1906.08240},
  eprint = {1906.08240},
  primaryclass = {cs},
  publisher = {arXiv},
  urldate = {2023-08-25},
  archiveprefix = {arxiv}
}

@misc{frankeTRIPSTrilinearPoint2024,
  title = {{{TRIPS}}: {{Trilinear Point Splatting}} for {{Real-Time Radiance Field Rendering}}},
  shorttitle = {{{TRIPS}}},
  author = {Franke, Linus and R{\"u}ckert, Darius and Fink, Laura and Stamminger, Marc},
  year = {2024},
  month = mar,
  number = {arXiv:2401.06003},
  eprint = {2401.06003},
  primaryclass = {cs},
  publisher = {arXiv},
  urldate = {2024-04-09},
  archiveprefix = {arxiv}
}

@inproceedings{PointBasedGraphics2007,
  title = {Point-{{Based Graphics}}},
  year = {2007},
  publisher = {Elsevier},
  doi = {10.1016/B978-0-12-370604-1.X5000-7},
  urldate = {2023-08-25},
  isbn = {978-0-12-370604-1},
  langid = {english}
}

@article{rakhimovNPBGAcceleratingNeural2022,
  title = {{{NPBG}}++: {{Accelerating Neural Point-Based Graphics}}},
  shorttitle = {{{NPBG}}++},
  author = {Rakhimov, Ruslan and Ardelean, Andrei-Timotei and Lempitsky, Victor and Burnaev, Evgeny},
  year = {2022},
  publisher = {arXiv},
  doi = {10.48550/ARXIV.2203.13318},
  urldate = {2023-08-25},
  copyright = {arXiv.org perpetual, non-exclusive license}
}

@misc{ruckertADOPApproximateDifferentiable2022,
  title = {{{ADOP}}: {{Approximate Differentiable One-Pixel Point Rendering}}},
  shorttitle = {{{ADOP}}},
  author = {R{\"u}ckert, Darius and Franke, Linus and Stamminger, Marc},
  year = {2022},
  month = may,
  number = {arXiv:2110.06635},
  eprint = {2110.06635},
  primaryclass = {cs},
  publisher = {arXiv},
  urldate = {2024-04-09},
  archiveprefix = {arxiv}
}

@article{westoverFootprintEvaluationVolume1990,
  title = {Footprint Evaluation for Volume Rendering},
  author = {Westover, Lee},
  year = {1990},
  month = sep,
  journal = {ACM SIGGRAPH Computer Graphics},
  volume = {24},
  number = {4},
  pages = {367--376},
  issn = {0097-8930},
  doi = {10.1145/97880.97919},
  urldate = {2023-10-24},
  langid = {english}
}

@article{zwickerEWASplatting2002,
  title = {{{EWA Splatting}}},
  author = {Zwicker, Matthias and Pfister, Hanspeter and {van Baar}, Jeroen and Gross, Markus},
  year = {2002},
  month = jul,
  journal = {IEEE Transactions on Visualization and Computer Graphics},
  volume = {8},
  number = {3},
  pages = {223--238},
  issn = {1077-2626},
  doi = {10.1109/TVCG.2002.1021576},
  urldate = {2023-09-20}
}

@inproceedings{zwickerEWAVolumeSplatting2001,
  title = {{{EWA}} Volume Splatting},
  booktitle = {Proceedings {{Visualization}}, 2001. {{VIS}} '01.},
  author = {Zwicker, M. and Pfister, H. and {van Baar}, J. and Gross, M.},
  year = {2001},
  month = oct,
  pages = {29--538},
  doi = {10.1109/VISUAL.2001.964490}
}
